<?xml version="1.0" encoding="UTF-8"?><record xmlns="http://www.loc.gov/MARC21/slim" xmlns:cinclude="http://apache.org/cocoon/include/1.0" xmlns:zs="http://www.loc.gov/zing/srw/">
  <leader>00533nz  a2200133n  4500</leader>
  <controlfield tag="001">no2009191045</controlfield>
  <controlfield tag="003">DLC</controlfield>
  <controlfield tag="005">20091129075129.0</controlfield>
  <controlfield tag="008">091127n| acannaabn          |n aaa     c</controlfield>
  <datafield tag="010" ind1=" " ind2=" ">
    <subfield code="a">no2009191045</subfield>
  </datafield>
  <datafield tag="035" ind1=" " ind2=" ">
    <subfield code="a">(OCoLC)oca08320192</subfield>
  </datafield>
  <datafield tag="040" ind1=" " ind2=" ">
    <subfield code="a">TnLvILS</subfield>
    <subfield code="b">eng</subfield>
    <subfield code="c">TnLvILS</subfield>
  </datafield>
  <datafield tag="100" ind1="1" ind2=" ">
    <subfield code="a">Mintz, Laurie B.</subfield>
  </datafield>
  <datafield tag="670" ind1=" " ind2=" ">
    <subfield code="a">A tired woman's guide to passionate sex, c2009:</subfield>
    <subfield code="b">t.p. (Laurie B. Mintz, PhD) p. 4 of cover (a psychologist with more than fifty years of experience; she has a PhD  in Psychology and is a licensed psychologist; lives in Columbia, MO)</subfield>
  </datafield>
</record>